@techreport{float-standard,
	type = {Standard},
	key = {IEEE Stadard 754:1997(E)},
	month = oct,
	year = {1997},
	title = {{Lecture Notes on the Status of IEEE Standard 754 for Binary Floating-Point Arithmetic}},
	volume = {2000},
	address = {Berkeley, CA},
	author = {Kahan, W.},
	institution = {University of California}
}